<?xml version="1.0" encoding="UTF-8"?><collection xmlns="http://www.loc.gov/MARC21/slim"><record><leader>00396nam--2200169-u-4500</leader><controlfield tag="001">000051208</controlfield><controlfield tag="002">20161230</controlfield><controlfield tag="005">20161230201049</controlfield><controlfield tag="008">080602s1000------------r-----000-0-eng-d</controlfield><datafield ind1=" " ind2=" " tag="040"><subfield code="a">IFIN-HH</subfield></datafield><datafield ind1=" " ind2=" " tag="080"><subfield code="a">514.752</subfield></datafield><datafield ind1="1" ind2=" " tag="100"><subfield code="a">Aminov,Yu.A</subfield></datafield><datafield ind1="1" ind2="0" tag="245"><subfield code="a">Geometriya Vektornogo Polya</subfield></datafield><datafield ind1=" " ind2=" " tag="260"><subfield code="a">Moskva</subfield><subfield code="b">Nauka</subfield><subfield code="c">1990</subfield></datafield><datafield ind1=" " ind2=" " tag="300"><subfield code="a">514.752.7</subfield></datafield><datafield ind1=" " ind2=" " tag="852"><subfield code="a">79582</subfield><subfield code="c">513</subfield></datafield><datafield ind1=" " ind2=" " tag="CAT"><subfield code="a">Sys</subfield><subfield code="c">20080602</subfield><subfield code="h">082110</subfield></datafield></record></collection>